@article{liljencrants_j._ove,
  title={The OVE III speech synthesizer},
  author={Liljencrants, JC},
  journal={IEEE Transactions on Audio and Electroacoustics},
  volume={16},
  number={1},
  pages={137--140},
  year={1968},
  publisher={IEEE}
}

@article{fant_g._speech,
  title={Instrumentation for parametric synthesis (OVE-II)},
  author={Fant, G and Martony, J},
  journal={KTH Speech Transmission Laboratory: Quarterly Progress and Status Report, 2},
  volume={3},
  pages={18--19},
  year={1962}
}

@inproceedings{hunt1996unit,
  title={Unit selection in a concatenative speech synthesis system using a large speech database},
  author={Hunt, Andrew J and Black, Alan W},
  booktitle={Acoustics, Speech, and Signal Processing, 1996. ICASSP-96. Conference Proceedings., 1996 IEEE International Conference on},
  volume={1},
  pages={373--376},
  year={1996},
  organization={IEEE}
}

@article{vieira2014measurement,
  title={Measurement of signal-to-noise ratio in dysphonic voices by image processing of spectrograms},
  author={Vieira, Maur{\'\i}lio N and Sansao, Joao Pedro H and Yehia, Hani C},
  journal={Speech Communication},
  volume={61},
  pages={17--32},
  year={2014},
  publisher={Elsevier}
}

@misc{maurilio_1999,
	address = {Departamento de Física - ICEx - UFMG},
	type = {Nota de aula},
	title = {Sobre a {Anatomia}, {Fisiologia} e {Patologia} da {Laringe}},
	copyright = {Departamento de Física - ICEx - UFMG},
	author = {Maurílio Nunes Vieira},
	year = {1999}
}

@inproceedings{maurilio_2004,
	address = {Departamento de Física/ICEx/UFMG},
	title = {Princípios da {Produção} e {Análise} de {Voz}},
	shorttitle = {Princípios da {Produção} e {Análise} de {Voz}},
	language = {Português},
	booktitle = {Princípios da {Produção} e {Análise} de {Voz}},
	publisher = {Departamento de Física/ICEx/UFMG},
	author = {Maurílio Nunes Vieira},
	month = jul,
	year = {2004},
	pages = {1--11}
}

@article{hartmut_traunmuller_history,
  title={History of speech synthesis, 1770-1970},
  author={Traunm{\"u}ller, Hartmut},
  journal={Web page http://www. ling. su. se/staff/hartmut/kemplne. htm. Last checked},
  pages={05--11},
  year={2005}
}

@article{fant_g._1979,
  title={Vocal source analysis-a progress report},
  author={Fant, Gunnar},
  journal={STL-QPSR},
  volume={20},
  number={3-4},
  pages={31--53},
  year={1979}
}

@misc{matlab,
	type = {Página do ambiente de computação matemática {MATLAB}},
	title = {{MATLAB}},
    year={2017},
	copyright = {MathWorks},
	shorttitle = {{MATLAB}},
	url = {https://www.mathworks.com/products/matlab.html},
	abstract = {Ambiente de computação MATLAB.},
	language = {Inglês},
	journal = {MATLAB - MathWorks},
	author = {MathWorks},
    Urlaccessdate = {1 jul. 2017},
}

@misc{scipy,
	type = {Biblioteca open souce para {Python}},
	title = {{SciPy}.org},
    year={2017},
	copyright = {SciPy developers},
	shorttitle = {{SciPy}},
	url = {https://www.scipy.org/index.html},
	abstract = {SciPy é um ecosistema de software open source baseado em Python para operações matemáticas, científicas e de engenharia.},
	language = {Inglês},
	journal = {SciPy.org},
	author = {SciPy developers},
    Urlaccessdate = {1 jul. 2017},
}

@misc{pycharm,
	type = {Página da {IDE} para desenvolvimento de {Python} {Pycharm}},
    year={2017},
	title = {{PyCharm}},
	copyright = {JetBrains},
	shorttitle = {{PyCharm}},
	url = {https://www.jetbrains.com/pycharm/},
	abstract = {Página da IDE para desenvolvimento de Python Pycharm, usada para o desenvolvimento dos códigos deste trabalho.},
	language = {Inglês},
	journal = {PyCharm},
	author = {JetBrains},
    Urlaccessdate = {1 jul. 2017},
}

@misc{github,
	type = {Gerenciador de repositórios de código {GitHub}},
	title = {{GitHub}},
    year={2017},
	copyright = {GitHub},
	shorttitle = {{GitHub}},
	url = {https://github.com},
	abstract = {GitHub é um gerenciador de repositórios de códigos online que possui funcionalidade em diversas IDEs e sistemas operacionais},
	language = {Inglês},
	journal = {The world's leading software development platform - GitHub},
	author = {GitHub},
    Urlaccessdate = {1 jul. 2017},
}

@misc{gliffy,
	type = {Ferramenta online para desenvolvimento de diagramas},
	title = {Gliffy},
    year={2017},
	copyright = {Gliffy},
	shorttitle = {Gliffy},
	url = {https://www.gliffy.com},
	abstract = {Gliffy é uma ferramenta online para desenvolvimento de diagramas, utilizada para gerar os diagramas deste trabalho},
	language = {Inglês},
	journal = {Gliffy - Online Diagram and Flowchart Software},
	author = {Gliffy},
    Urlaccessdate = {1 jul. 2017},
}

@article{gomes1998sistema,
  title={Sistema de convers{\~a}o texto-fala para a l{\'\i}ngua portuguesa utilizando a abordagem de s{\'\i}ntese por regras},
  author={Gomes, Leandro de Campos Teixeira and others},
  year={1998},
  publisher={[sn]}
}

@inproceedings{stylianou2001perceptual,
  title={Perceptual and objective detection of discontinuities in concatenative speech synthesis},
  author={Stylianou, Yannis and Syrdal, Ann K},
  booktitle={Acoustics, Speech, and Signal Processing, 2001. Proceedings.(ICASSP'01). 2001 IEEE International Conference on},
  volume={2},
  pages={837--840},
  year={2001},
  organization={IEEE}
}

@article{gold1968analysis,
  title={Analysis of digital and analog formant synthesizers},
  author={Gold, Bernard and Rabiner, L},
  journal={IEEE Transactions on Audio and Electroacoustics},
  volume={16},
  number={1},
  pages={81--94},
  year={1968},
  publisher={IEEE}
}

@article{tarnoczy1949speaking,
  title={The Speaking Machine of Wolfgang von Kempelen},
  author={Tarn{\'o}czy, TH},
  journal={The Journal of the Acoustical Society of America},
  volume={21},
  number={4},
  pages={461--461},
  year={1949},
  publisher={Acoustical Society of America}
}

@inproceedings{jorgelucero2014,
	title = {A vocal fold model for disordered voice synthesis},
	doi = {10.13140/2.1.3278.2726},
	author = {Jorge C. Lucero and Jean Schoentgen and Mara Behlau and Glaucya Madazio},
    publisher = {CNPq and F.R.S./F.N.R.S.},
	month = sep,
	year = {2014},
	address = {Salt Lake City},
  	booktitle = {9th International Conference in Voice Physiology and Biomechanics},
  series = {ICVPB},
  year = {2014},
  url={http://www.cic.unb.br/~lucero/disorder.html},
  Urlaccessdate = {1 jul. 2017}
}

@article{klatt1980,
  title={Software for a cascade/parallel formant synthesizer},
  author={Klatt, Dennis H},
  journal={the Journal of the Acoustical Society of America},
  volume={67},
  number={3},
  pages={971--995},
  year={1980},
  publisher={ASA}
}