
@inproceedings{maurilio_nunes_vieira_principios_2004,
	address = {Departamento de Física/ICEx/UFMG},
	title = {Princípios da {Produção} e {Análise} de {Voz}},
	shorttitle = {Princípios da {Produção} e {Análise} de {Voz}},
	abstract = {A informação transmitida pela voz humana pode ser separada em componentes que são determinadas intencionalmente ou não pelo locutor. Dentre estas componentes, destacam-se o conteúdo linguístico da elocução, isto é, o quê está sendo falado (ou cantado), a identidade de quem fala (ou pistas sobre o sexo, porte físico, idade, origem sócio-cultural, etc.), e a condição de saúde ou estado emocional do locutor. No estudo da fala, a importância destas componentes dependerá da aplicação. Aplicações de interesse atual incluem [1-8]:
Síntese de voz (conversão de texto para fala),
Reconhecimento de voz (conversao de fala para texto),
Compreensão da fala (determinação do significado da elocução),
Reconhecimento/identificação de locutor,
Codificação de voz a baixas taxas (compressão),
Análise de disfonias (patologias da laringe).
O detalhamento de qualquer uma destas aplicações está além dos objetivos desta apostila. A ciência da fala é abrangente, multidisciplinar, envolvendo áreas como anatomia da cabeça e pescoço [9, 10], acústica [1, 11-13], psicofísica [1, 14], linguística [e.g., 15], e processamento de sinais [5, 16, 17]. Este texto tem por objetivo ser um guia para o estudo da análise e síntese de sinais de voz. Os tópicos serão apresentados de forma simplificada, mas informação adicional poderá ser obtida na bibliografia indicada.},
	language = {Português},
	booktitle = {Princípios da {Produção} e {Análise} de {Voz}},
	publisher = {Departamento de Física/ICEx/UFMG},
	author = {Maurílio Nunes Vieira},
	month = jul,
	year = {2004},
	pages = {1--11}
}

@misc{maurilio_nunes_vieira_sobre_1999,
	address = {Departamento de Física - ICEx - UFMG},
	type = {Nota de aula},
	title = {Sobre a {Anatomia}, {Fisiologia} e {Patologia} da {Laringe}},
	copyright = {Departamento de Física - ICEx - UFMG},
	abstract = {A laringe é um notável órgão do corpo humano que está ativamente envolvida em várias funções biológicas, tais como a respiração, a deglutição e a fonação. O complexo laríngeo está situado entre a faringe (garganta) e a traquéia, podendo ser identificado, particularmente em homens adultos, pelo chamado “Pomo de Adão”. A capacidade de alterar a sua forma com um controle preciso de seus
movimentos é uma característica marcante da laringe. Ela é capaz de conciliar funções diferentes (como a expiração e a fonação) e mudar rapidamente de uma função para outra passando, por exemplo, de uma larga abertura inspiratória para um forte fechamento das vias respiratórias para proteger os pulmões. Tendo-se em mente que a cavidade oral é compartilhada pelos sistemas digestivo
e respiratório, é enfatizado que a função biológica vital da laringe é atuar como um esfíncter para instintivamente proteger os pulmões contra a entrada de corpos estranhos.
Este capítulo aborda a função fonatória da laringe. A maioria das seções visa introduzir o leitor à anatomia laríngea e à terminologia associada, estabelecendo um contexto para futuras discussões. O capítulo apresenta a estrutura cartilaginosa da laringe, descreve o papel da musculatura laríngea e, simplificadamente, discute alguns aspectos de sua inervação. Especial atenção é dada às pregas vocais, à sua estrutura de camadas e a nuances de seu movimento vibratório.},
	author = {Maurílio Nunes Vieira},
	year = {1999}
}

@article{fant_g._vocal_1979,
	title = {Vocal source analysis - a progress report},
	volume = {20},
	shorttitle = {Vocal source analysis - a progress report},
	url = {http://www.speech.kth.se/qpsr/},
	abstract = {The general theory of the glottal source and excitation process
reported in STL-QPSR1/1979 has been folled up by model based calculations of source spectra and speech pressure waveforms. The experimental procedure for deriving glottal source parameters from inverse filtering has been tested with a view to evaluate alternative
procedures. A special attention has been devoted t o transitional
regions between fully voiced and aspirated segments in which F1 of
v m l [a] is heavily reduced. Other factors such as nasalization also reduce the F1 intensity below the value predicted from the ideal excitation.},
	language = {Inglês},
	journal = {Dept. for Speech, Music and Hearing Quarterly Progress and Status Report},
	author = {Fant, G.},
	year = {1979},
	pages = {31--53}
}

@article{liljencrants_j._ove_1967,
	title = {The {OVE} {III} speech synthesizer},
	volume = {8},
	shorttitle = {The {OVE} {III} speech synthesizer},
	url = {http://www.speech.kth.se/qpsr/},
	abstract = {The OVE 111 speech synthesizer has been developed at the Speech
Transmission Laboratory in 1966 and 1967. The basic terminal analog
has a block diagram, Fig. IV-A-2, similar to that of the earlier OVE I1
system (I). The constructional details are however entirely different,
especially since the synthesis parameters are digitally controlled from a small computer. The computer programs handle all communication
between the operator and the synthesizer as well as other input/output
devices.},
	language = {Inglês},
	number = {2-3},
	journal = {Dept. for Speech, Music and Hearing Quarterly Progress and Status Report},
	author = {Liljencrants, J.},
	year = {1967},
	pages = {76--81}
}

@article{fant_g._speech_1962,
	title = {Speech synthesis. {Instrumentation} for parametric synthesis ({OVE} {II})},
	volume = {3},
	shorttitle = {Speech synthesis. {Instrumentation} for parametric synthesis ({OVE} {II})},
	language = {Inglês},
	number = {2},
	journal = {Dept. for Speech, Music and Hearing Quarterly Progress and Status Report},
	author = {Fant, G., J., Mártony},
	year = {1962},
	pages = {18--19}
}

@misc{hartmut_traunmuller_history_2017,
	type = {Historical data and analysis},
	title = {History of speech synthesis, 1770 - 1970},
	copyright = {Institutionen för lingvistik Stockholms universitet},
	shorttitle = {History of speech synthesis, 1770 - 1970},
	url = {http://www2.ling.su.se/staff/hartmut/kemplne.htm},
	abstract = {História resumida da síntese de voz e das criações que permitiram este campo da ciência surgir.},
	language = {Inglês},
	journal = {Wolfgang von Kempelen's speaking machine and its successors},
	author = {Hartmut Traunmüller},
	month = may,
	year = {2017}
}

@misc{github_github_2017,
	type = {Gerenciador de repositórios de código {GitHub}},
	title = {{GitHub}},
	copyright = {GitHub},
	shorttitle = {{GitHub}},
	url = {https://github.com},
	abstract = {GitHub é um gerenciador de repositórios de códigos online que possui funcionalidade em diversas IDEs e sistemas operacionais},
	language = {Inglês},
	journal = {The world's leading software development platform - GitHub},
	author = {GitHub},
	month = may,
	year = {2017}
}

@misc{gliffy_gliffy_2017,
	type = {Ferramenta online para desenvolvimento de diagramas},
	title = {Gliffy},
	copyright = {Gliffy},
	shorttitle = {Gliffy},
	url = {https://www.gliffy.com},
	abstract = {Gliffy é uma ferramenta online para desenvolvimento de diagramas, utilizada para gerar os diagramas deste trabalho},
	language = {Inglês},
	journal = {Gliffy - Online Diagram and Flowchart Software},
	author = {Gliffy},
	month = may,
	year = {2017}
}

@misc{jetbrains_pycharm_2017,
	type = {Página da {IDE} para desenvolvimento de {Python} {Pycharm}},
	title = {{PyCharm}},
	copyright = {JetBrains},
	shorttitle = {{PyCharm}},
	url = {https://www.jetbrains.com/pycharm/},
	abstract = {Página da IDE para desenvolvimento de Python Pycharm, usada para o desenvolvimento dos códigos deste trabalho.},
	language = {Inglês},
	journal = {PyCharm},
	author = {JetBrains},
	month = may,
	year = {2017}
}

@misc{mathworks_matlab_2017,
	type = {Página do ambiente de computação matemática {MATLAB}},
	title = {{MATLAB}},
	copyright = {MathWorks},
	shorttitle = {{MATLAB}},
	url = {https://www.mathworks.com/products/matlab.html},
	abstract = {Ambiente de computação MATLAB.},
	language = {Inglês},
	journal = {MATLAB - MathWorks},
	author = {MathWorks},
	month = may,
	year = {2017}
}

@misc{scipy_developers_scipy.org_2017,
	type = {Biblioteca open souce para {Python}},
	title = {{SciPy}.org},
	copyright = {SciPy developers},
	shorttitle = {{SciPy}},
	url = {https://www.scipy.org/index.html},
	abstract = {SciPy é um ecosistema de software open source baseado em Python para operações matemáticas, científicas e de engenharia.},
	language = {Inglês},
	journal = {SciPy.org},
	author = {SciPy developers},
	month = may,
	year = {2017}
}

@misc{noauthor_cscore_nodate,
	title = {{CSCore} library on {GitHub}},
	url = {https://github.com/filoe/cscore},
	language = {English},
	journal = {CSCore library on GitHub}
}

@inproceedings{jorge_c._lucero_vocal_2014,
	address = {Salt Lake City},
	title = {A vocal fold model for disordered voice synthesis},
	doi = {10.13140/2.1.3278.2726},
	abstract = {We present our progress in the development of a vocal fold model capable of mimicking the vocal quality of speakers that suffer from a voice or speech pathology or dysfunction. Although several models have already been proposed to characterize complex oscillation patterns and vocal instabilities observed in patients, their application to actual vocal quality synthesis has been limited due to non-smoothness and even discontinuities of the associated equations. In our work, we propose a smooth version of a previous lumped mucosal wave representation of the vocal folds. The model is coupled to a concatenated-tube representation of the trachea and vocal tract, and allows for the addition of controlled levels of muscle jitter, neurological and physiological tremor, pulsatile and aspiration noise due to airflow turbulence, and tension imbalance between left and right vocal folds. Potential applications include its use as a computational tool for the education of voice clinicians, speech and language pathologist and physicians. [Work supported by CNPq (Brazil) and FRS/FNRS (Belgium)].},
	publisher = {Jorge C. Lucero},
	author = {Jorge C. Lucero and Jean Schoentgen and Mara Behlau and Glaucya Madazio},
	month = sep,
	year = {2014},
	keywords = {tcc}
}

@article{dennis_h._klatt_software_1980,
	title = {Software for a cascade/parallel formant synthesizer},
	volume = {67},
	url = {http://www.fon.hum.uva.nl/david/ma_ssp/doc/Klatt-1980-JAS000971.pdf},
	abstract = {A software formant synthesizer isdescribed that can generate synthetic speech using a laboratory digital
computer. A flexible synthesizer configuration permits the synthesis of sohorants by either a cascade or
parallel connection of digital resonators, but frication spectra must be synthesized by a set of resonators
connected in parallel. A control program lets the user specify variable control parameter data, such as
formant frequencies as a function of time, as a sequence of (time, value) points. The synthesizer design
is described and motivated in Sees. I-lII, and FORTRAn listings for the synthesizer and control
program are provided in an appendix. Computer requirements and necessary support software are
described in Sec. IV. Strategies for the imitation of any speech utterance are described in Sec. V, and
suggested values of control parameters for the synthesis of many English sounds are presented in tabular
form.},
	language = {English},
	number = {3},
	journal = {The Journal of the Acoustical Society of America},
	author = {Dennis H. Klatt},
	month = jun,
	year = {1980},
	pages = {971--995}
}